<?xml version="1.0" encoding="utf-8"?>
<record xmlns="http://www.loc.gov/MARC21/slim" xmlns:xsi="http://www.w3.org/2001/XMLSchema-instance" xsi:schemaLocation="http://www.loc.gov/MARC21/slim http://www.loc.gov/standards/marcxml/schema/MARC21slim.xsd">
	<leader>     nam a22        4500</leader>
	<controlfield tag="001">b12724154</controlfield>
	<controlfield tag="003">LeBAU</controlfield>
	<controlfield tag="006">m        d        </controlfield>
	<controlfield tag="007">cr cn |||m|||a</controlfield>
	<controlfield tag="008">171023s1910    ua      o     ||0 0 ara d</controlfield>
	<datafield ind1=" " ind2=" " tag="040">
		<subfield code="a">NNU</subfield>
		<subfield code="b">ara</subfield>
		<subfield code="e">rda</subfield>
		<subfield code="c">NNU</subfield>
	</datafield>
	<datafield ind1=" " ind2="4" tag="050">
		<subfield code="a">J866</subfield>
		<subfield code="b">.H35 1912</subfield>
	</datafield>
	<datafield ind1="0" ind2="4" tag="082">
		<subfield code="a">962</subfield>
		<subfield code="2">22</subfield>
	</datafield>
	<datafield ind1="1" ind2=" " tag="110">
		<subfield code="6">880-01</subfield>
		<subfield code="a">Egypt.</subfield>
		<subfield code="b">Jamʻīyah al-ʻUmūmīyah,</subfield>
		<subfield code="e">issuing body.</subfield>
	</datafield>
	<datafield ind1="1" ind2="0" tag="245">
		<subfield code="6">880-02</subfield>
		<subfield code="a">Majmūʻat maḥāḍir dawr inʻiqād al-Jamʻīyah al-ʻUmūmīyah sanat 1910 .</subfield>
		<subfield code="b">Wa-yalīhā Malḥūẓāt al-ḥukūmah ‘alá taqrīr al-lajnah al-mushakkalah bi-al-Jam‘īyah al-‘Umūmīyah li-naẓar mashrū‘ al-ittifāq ma‘a Sharikat Qanāt al-Suways /</subfield>
		<subfield code="c">al-Ḥukūmah al-Miṣrīyah, al-Jam‘īyah al-‘Umūmīyah.</subfield>
	</datafield>
	<datafield ind1="3" ind2="0" tag="246">
		<subfield code="6">880-03</subfield>
		<subfield code="a">Malḥūẓāt al-ḥukūmah ‘alá taqrīr al-lajnah al-mushakkalah bi-al-Jam‘īyah al-‘Umūmīyah li-naẓar mashrū‘ al-ittifāq ma‘a Sharikat Qanāt al-Suways</subfield>
	</datafield>
	<datafield ind1=" " ind2="1" tag="264">
		<subfield code="6">880-04</subfield>
		<subfield code="a">Miṣr :</subfield>
		<subfield code="b">al-Maṭbaʻah al-Amīrīyah,</subfield>
		<subfield code="c">1910.</subfield>
	</datafield>
	<datafield ind1=" " ind2=" " tag="300">
		<subfield code="6">880-05</subfield>
		<subfield code="a">online resource (511 pages)</subfield>
	</datafield>
	<datafield ind1=" " ind2=" " tag="336">
		<subfield code="a">text</subfield>
		<subfield code="2">rdacontent</subfield>
	</datafield>
	<datafield ind1=" " ind2=" " tag="337">
		<subfield code="a">computer</subfield>
		<subfield code="2">rdamedia</subfield>
	</datafield>
	<datafield ind1=" " ind2=" " tag="338">
		<subfield code="a">online resource</subfield>
		<subfield code="2">rdacarrier</subfield>
	</datafield>
	<datafield ind1=" " ind2=" " tag="500">
		<subfield code="a">Part of the Arabic Collections Online (ACO) project, contributed by American University of Beirut's Jafet Memorial Library.</subfield>
	</datafield>
	<datafield ind1=" " ind2=" " tag="533">
		<subfield code="a">Electronic reproduction.</subfield>
		<subfield code="b">New York, N.Y. :</subfield>
		<subfield code="c">New York University,</subfield>
		<subfield code="d">2017.</subfield>
		<subfield code="5">NNU</subfield>
	</datafield>
	<datafield ind1="1" ind2="0" tag="610">
		<subfield code="6">880-06</subfield>
		<subfield code="a">Egypt.</subfield>
		<subfield code="b">Jamʻīyah al-ʻUmūmīyah</subfield>
		<subfield code="v">Proceedings.</subfield>
	</datafield>
	<datafield ind1=" " ind2="0" tag="651">
		<subfield code="6">880-07</subfield>
		<subfield code="a">Egypt</subfield>
		<subfield code="x">Politics and government</subfield>
		<subfield code="y">1882-1952.</subfield>
	</datafield>
	<datafield ind1=" " ind2="0" tag="651">
		<subfield code="6">880-08</subfield>
		<subfield code="a">Suez Canal (Egypt)</subfield>
	</datafield>
	<datafield ind1="1" ind2=" " tag="710">
		<subfield code="6">880-09</subfield>
		<subfield code="a">Egypt.</subfield>
		<subfield code="b">Jamʻīyah al-ʻUmūmīyah.</subfield>
		<subfield code="t">Malḥūẓāt al-ḥukūmah ‘alá taqrīr al-lajnah.</subfield>
	</datafield>
	<datafield ind1="2" ind2=" " tag="710">
		<subfield code="a">Jafet Memorial Library.</subfield>
	</datafield>
	<datafield ind1="0" ind2=" " tag="730">
		<subfield code="a">Arabic Collections Online.</subfield>
	</datafield>
	<datafield ind1="0" ind2="8" tag="776">
		<subfield code="i">Print version:</subfield>
		<subfield code="a">Egypt. Jamʻīyah al-ʻUmūmīyah, issuing body.</subfield>
		<subfield code="t">Majmūʻat maḥāḍir dawr inʻiqād al-Jamʻīyah al-ʻUmūmīyah sanat 1910</subfield>
		<subfield code="w">(LeBAU)b12724154</subfield>
	</datafield>
	<datafield ind1="4" ind2="0" tag="856">
		<subfield code="u">http://hdl.handle.net/2333.1/2280ghbz</subfield>
	</datafield>
	<datafield ind1="1" ind2=" " tag="880">
		<subfield code="6">110-01/r</subfield>
		<subfield code="a">مصر.</subfield>
		<subfield code="b">الجمعية العمومية،</subfield>
		<subfield code="e">هيئة إصدار.</subfield>
		<subfield code="4">isb.</subfield>
	</datafield>
	<datafield ind1="1" ind2="0" tag="880">
		<subfield code="6">245-02/r</subfield>
		<subfield code="a">مجموعة محاضر دور إنعقاد الجمعية العمومية سنة 1910 .</subfield>
		<subfield code="b">ويليها ملحوظات الحكومة على تقرير اللجنة المشكلة بالجمعية العمومية لنظر مشروع الإتفاق مع شركة قناة السويس /</subfield>
		<subfield code="c">الحكومة المصرية، الجمعية العمومية.</subfield>
	</datafield>
	<datafield ind1="3" ind2="0" tag="880">
		<subfield code="6">246-03/r</subfield>
		<subfield code="a">ملحوظات الحكومة على تقرير اللجنة المشكلة بالجمعية العمومية لنظر مشروع الإتفاق مع شركة قناة السويس</subfield>
	</datafield>
	<datafield ind1=" " ind2="1" tag="880">
		<subfield code="6">264-04/r</subfield>
		<subfield code="a">مصر :</subfield>
		<subfield code="b">المطبعة الأميرية،</subfield>
		<subfield code="c">1910.</subfield>
	</datafield>
	<datafield ind1=" " ind2=" " tag="880">
		<subfield code="6">300-05/r</subfield>
		<subfield code="a">511 صفحة ؛</subfield>
		<subfield code="c">23 سم</subfield>
	</datafield>
	<datafield ind1="1" ind2="4" tag="880">
		<subfield code="6">610-06/r</subfield>
		<subfield code="a">مصر.</subfield>
		<subfield code="b">الجمعية العمومية</subfield>
		<subfield code="v">محاضر الجلسات.</subfield>
	</datafield>
	<datafield ind1=" " ind2="4" tag="880">
		<subfield code="6">651-07/r</subfield>
		<subfield code="a">مصر</subfield>
		<subfield code="x">السياسة والحكومة</subfield>
		<subfield code="y">1882-1936.</subfield>
	</datafield>
	<datafield ind1=" " ind2="4" tag="880">
		<subfield code="6">651-08/r</subfield>
		<subfield code="a">قناة السويس (مصر)</subfield>
	</datafield>
	<datafield ind1="1" ind2=" " tag="880">
		<subfield code="6">710-09/r</subfield>
		<subfield code="a">مصر.</subfield>
		<subfield code="b">الجمعية العمومية.</subfield>
		<subfield code="t">ملحوظات الحكومة على تقرير اللجنة.</subfield>
	</datafield>
	<datafield ind1=" " ind2=" " tag="959">
		<subfield code="a">NNU</subfield>
		<subfield code="b">WEB</subfield>
		<subfield code="c">GENI</subfield>
		<subfield code="t">0</subfield>
		<subfield code="m">Electronic access</subfield>
		<subfield code="s">01</subfield>
	</datafield>
	<datafield ind1=" " ind2=" " tag="999">
		<subfield code="i">LeBAU_b12724154</subfield>
		<subfield code="s">aub_aco001267</subfield>
		<subfield code="e">(ERROR-MISC)</subfield>
		<subfield code="s">aub_aco001267</subfield>
	</datafield>
</record>
